% Manuls
  @misc{Abaqus, 
    author = {Dassault{\ }Systèmes},
    howpublished = {http://www.3ds.com/products-services/simulia/products/abaqus/},
    publisher = {Dassault Systèmes, Providence, RI, USA}, 
    note={Accessed: May 2016},
  }
    
  @Manual{AVL,
    author = {Mark Drela and Harold Youngren},
    title = {AVL (Athena Vortex Lattice) 3.30 User Primer},
    year = {2010}, 
    month = {Aug.}, 
    note = {Available from http://web.mit.edu/drela/Public/web/avl/}, 
  }
    
  @Manual{AWAVE, 
    author = {L. A. McCullers},
    title = {AWAVE: User's Guide for the Revised Wave Drag Analysis Program},
    year = {1992},
    month = {Apr.},
  }
    
  @Inproceedings{CART3D, 
    author = {M Aftomis and M Berger and G Adomavicius},
    title = {A Parallel Multilevel Method for Adaptively Refined Cartesian Grids with Embedded Boundaries},
    publisher={American Institute of Aeronautics and Astronautics}, 
    address = {Reno, NV},
    month = {Jan.}, 
    number = {AIAA-2008-0808},
    year = {2008}, 
  }
  
  @Manual{FLOPS,
    author = {L. A. McCullers},
    title = {FLOPS: Flight Optimization System, Release 8.20, User's Guide},
    year = {2011}, 
    month = {Feb.}, 
  }

  @Manual{Friction,   
    author = {W. H. Mason},
    title = {FRICTION - Skin Friction and Form Drag Program},
    year = {2006},
    month = {Jan.},
    note = {Available from http://www.dept.aoe.vt.edu/~mason/Mason\_f/MRsoft.html}
  }
    
  @Manual{FUN3D,
    author = {Robert T. Biedron and Jan-Renee Carlson and Joseph M. Derlaga and Peter A. Gnoffo and Dana P. Hammond and William T. Jones and Bil Kleb and Elizabeth M. Lee-Rausch and Eric J. Nielsen and Michael A. Park and Christopher L. Rumsey and James L. Thomas and William A. Wood}, 
    title = {FUN3D Manual: 12.7},
    number = {NASA/TM-2015-218761},
    year = {2015}, 
    institution = {NASA},
    month = {May},
  }

  @misc{ModelCenter, 
    author = {Phoenix{\ }Integration},
    howpublished = {http://www.phoenix-int.com/},
    publisher = {Phoenix Integration, Blacksburg, VA , USA}, 
    note={Accessed: May 2016},
  }
  
  @Manual{MYSTRAN, 
    author = {William Case},
    title = {MYSTRAN General Purpose Finite Element Structural Analysis Computer Program (Linux Version 6.35) [Software Manual]},
    month = {Nov.}, 
    year = {2011}, 
    url = {http://www.mystran.com/index.htm},
    note = {Available from http://www.MYSTRAN.com}
  }
    
  @Manual{NASTRAN, 
    author = {Michael Reymond and Mark Miller},
    title = {MSC NASTRAN Quick Reference Guide Version 68},
    year = {1996},
    institution = {The MacNeal Schwendler Corporation},
    note = {} 
  }
    
  % Articles
  @Article{Hang2015,
    author = {Si, Hang},
    title = {TetGen, a Delaunay-Based Quality Tetrahedral Mesh Generator},
    journal = {ACM Trans. Math. Softw.},
    issue_date = {January 2015},
    volume = {41},
    number = {2},
    month = {Feb.},
    year = {2015},
    issn = {0098-3500},
    pages = {11:1--11:36},
    articleno = {11},
    numpages = {36},
    url = {http://doi.acm.org/10.1145/2629697},
    doi = {10.1145/2629697},
    acmid = {2629697},
    publisher = {ACM},
    address = {New York, NY, USA}
  }
        
  @Article{Kolonay2014,
    author = {Raymond M. Kolonay},
    title = {A physics-based distributed collaborative design process for military aerospace vehicle development and technology assessment},
    journal = {International Journal of Agile Systems and Management},
    volume = {7},
    number = {3-4},
    pages = {242-260},
    year = {2014},
    doi = {10.1504/IJASM.2014.065352},
    URL = {http://www.inderscienceonline.com/doi/abs/10.1504/IJASM.2014.065352},
    eprint = {http://www.inderscienceonline.com/doi/pdf/10.1504/IJASM.2014.065352}
  }
  
  @Article{Marcum1995,
    author={Marcum, David L.
      and Weatherill, Nigel P.},
    title={Unstructured grid generation using iterative point insertion and local reconnection},
    journal={AIAA Journal},
    year={1995},
    month={Sep.},
    day={01},
    publisher={American Institute of Aeronautics and Astronautics},
    volume={33},
    number={9},
    pages={1619-1625},
    issn={0001-1452},
    doi={10.2514/3.12701},
    url={http://dx.doi.org/10.2514/3.12701}
  }
    
  @Article{Marcum1998,
    title={Unstructured grid generation using automatic point insertion and local reconnection},
    author={Marcum, David L},
    journal={The Handbook of Grid Generation},
    pages={18--1},
    year={1998}
  }
  
  % Conferences 
  @Inproceedings{Bhagat2014,
    author={Bhagat, Nitin D. and Alyanak, Edward J.},
    title={Computational Geometry for Multi-fidelity and Multi-disciplinary Analysis and Optimization},
    booktitle={52nd Aerospace Sciences Meeting},
    year={2014},
    month={Jan.},
    day={10},
    publisher={American Institute of Aeronautics and Astronautics},
    doi={10.2514/6.2014-0188},
    url={http://dx.doi.org/10.2514/6.2014-0188}, 
    number = {2014-0188}
  }
  
  @Inproceedings{Drela1989,
	author="Drela, Mark",
	editor="Mueller, Thomas J.",
	title="XFOIL: An Analysis and Design System for Low Reynolds Number Airfoils",
	bookTitle="Low Reynolds Number Aerodynamics: Proceedings of the Conference Notre Dame, Indiana, USA, 5--7 June 1989",
	year="1989",
	publisher="Springer Berlin Heidelberg",
	address="Berlin, Heidelberg",
	pages="1--12",
	isbn="978-3-642-84010-4",
	doi="10.1007/978-3-642-84010-4_1",
	url="http://dx.doi.org/10.1007/978-3-642-84010-4_1"
  }
	  

  @Inproceedings{OpenCSM,
    author={Dannenhoffer, John},
    title={OpenCSM: An Open-Source Constructive Solid Modeler for MDAO},
    booktitle={51st AIAA Aerospace Sciences Meeting including the New Horizons Forum and Aerospace Exposition},
    year={2013},
    month={Jan.},
    day={05},
    publisher={American Institute of Aeronautics and Astronautics},
    doi={10.2514/6.2013-701},
    url={http://dx.doi.org/10.2514/6.2013-701},
    number = {2013-0701}
  }
        
  @Inproceedings{Cfit,
    author={Dannenhoffer, John and Haimes, Robert},
    title={Conservative Fitting for Multi-Disciplinary Analysis},
    booktitle={52nd Aerospace Sciences Meeting},
    year={2014},
    month={Jan.},
    day={10},
    publisher={American Institute of Aeronautics and Astronautics},
    doi={10.2514/6.2014-0294},
    url={http://dx.doi.org/10.2514/6.2014-0294},
    number = {2014-0294}
  }

  @Inproceedings{EGADS,
    author={Haimes, Robert and Drela, Mark},
    title={On The Construction of Aircraft Conceptual Geometry for High-Fidelity Analysis and Design},
    booktitle={50th AIAA Aerospace Sciences Meeting including the New Horizons Forum and Aerospace Exposition},
    year={2012},
    month={Jan.},
    day={09},
    publisher={American Institute of Aeronautics and Astronautics},
    doi={10.2514/6.2012-683},
    url={http://dx.doi.org/10.2514/6.2012-683},
    number = {2012-0683}
  }
        
  @Inproceedings{ESP,
    author={Haimes, Robert and Dannenhoffer, John},
    title={The Engineering Sketch Pad: A Solid-Modeling, Feature-Based, Web-Enabled System for Building Parametric Geometry},
    booktitle={21st AIAA Computational Fluid Dynamics Conference},
    year={2013},
    month={Jun.},
    day={22},
    publisher={American Institute of Aeronautics and Astronautics},
    doi={10.2514/6.2013-3073},
    url={http://dx.doi.org/10.2514/6.2013-3073},
    number = {2013-3073}
  }

  @Inproceedings{Heath2012,
    Address = {Honolulu, Hawaii},
    Author = {Heath, Chritopher M. and Gray, Justin S.},
    Booktitle = {8th AIAA Multidisciplinary Design Optimization Specialist Conference (MDO)},
    pdf = {http://openmdao.org/pubs/Heath_Gray-_2012_-OpenMDAO_Frameork_for_Flexible_Multidisciplinary_Design_Analysis_and_Optimization_Methods.pdf},
    Pages = {1--13},
    Title = {{OpenMDAO: Framework for Flexible Multidisciplinary Design, Analysis and Optimization Methods}},
    Year = {2012}
 }
 
  @Inproceedings{Palacios2013, 
    author = {F. Palacios and M. R. Colonno and A. C. Aranake and A. Campos and S. R. Copeland and T. D. Economon and A. K. Lonkar and T. W. Lukaczyk and T. W. R. Taylor and J. J. Alonso},
    title = {Stanford University Unstructured (SU2): An open-source integrated computational environment for multi-physics simulation and design},
    booktitle = {51st AIAA Aerospace Sciences Meeting including the New Horizons Forum and Aerospace Exposition},
    publisher={American Institute of Aeronautics and Astronautics},
    month = {Jan.},
    year = {2013},
    number = {2013-0287},
  }

  @Inproceedings{Palacios2014,
    author = {F. Palacios and T. D. Economon and A. C. Aranake and S. R. Copeland and A. K. Lonkar and T. W. Lukaczyk and D. E. Manosalvas and K. R. Naik and A. S. Padron and B. Tracey and A. Variyar and J. J. Alonso},
    title = {Stanford University Unstructured (SU2): Open-source analysis and design technology for turbulent flows}, 
    booktitle = {52nd Aerospace Sciences Meeting},
    publisher={American Institute of Aeronautics and Astronautics}, 
    month = {Jan.}, 
    year = {2014},
    number = {2014-0243},
  }

  @Inproceedings{karmanWyman2019,
    author = {Steve L. Karman and Nicholas J. Wyman},
    title = {Automatic Unstructured Mesh Generation with Geometry Attribution},
    booktitle = {AIAA Scitech 2019 Forum},
    chapter = {},
    pages = {},
    doi = {10.2514/6.2019-1721},
    URL = {https://arc.aiaa.org/doi/abs/10.2514/6.2019-1721},
    eprint = {https://arc.aiaa.org/doi/pdf/10.2514/6.2019-1721}
  }

  @Inproceedings{SanchezHaimes2019,
    author = {Julia Docampo-Sanchez and Robert Haimes},
    title = {Towards fully regular quad mesh generation},
    booktitle = {AIAA Scitech 2019 Forum},
    chapter = {},
    pages = {},
    doi = {10.2514/6.2019-1988},
    URL = {https://arc.aiaa.org/doi/abs/10.2514/6.2019-1988},
    eprint = {https://arc.aiaa.org/doi/pdf/10.2514/6.2019-1988}
  }

  @Inproceedings{deanHaimesDhoff2019,
    author = {Dean E. Bryson and Robert Haimes and John Dannenhoffer},
    title = {Toward the Realization of a Highly Integrated, Multidisciplinary, Multifidelity Design Environment},
    booktitle = {AIAA Scitech 2019 Forum},
    chapter = {},
    pages = {},
    doi = {10.2514/6.2019-2225},
    URL = {https://arc.aiaa.org/doi/abs/10.2514/6.2019-2225},
    eprint = {https://arc.aiaa.org/doi/pdf/10.2514/6.2019-2225}
  }

  @Inproceedings{durscherReedy2019,
    author = {Ryan J. Durscher and Dennis Reedy},
    title = {pyCAPS: A Python Interface to the Computational Aircraft Prototype Syntheses},
    booktitle = {AIAA Scitech 2019 Forum},
    chapter = {},
    pages = {},
    doi = {10.2514/6.2019-2226},
    URL = {https://arc.aiaa.org/doi/abs/10.2514/6.2019-2226},
    eprint = {https://arc.aiaa.org/doi/pdf/10.2514/6.2019-2226}
  }

  @Inproceedings{drelaHSM2019,
    author = {Mark Drela and Marshall Galbraith and Robert Haimes and Steven R. Allmaras and David Darmofal},
    title = {Hybrid Shell Model for Aeroelastic Modeling},
    booktitle = {AIAA Scitech 2019 Forum},
    chapter = {},
    pages = {},
    doi = {10.2514/6.2019-2227},
    URL = {https://arc.aiaa.org/doi/abs/10.2514/6.2019-2227},
    eprint = {https://arc.aiaa.org/doi/pdf/10.2514/6.2019-2227}
  }

  @Inproceedings{dannenhofferBhagat2022,
    author = {John Dannenhoffer and Nitin Bhagat},
    title = {Towards Modeling for Design: Using Real-time Collaborative Environment in CAPS},
    booktitle = {AIAA Scitech 2022 Forum},
    chapter = {},
    pages = {},
    doi = {10.2514/6.2022-2248},
    URL = {https://arc.aiaa.org/doi/abs/10.2514/6.2022-2248},
    eprint = {https://arc.aiaa.org/doi/pdf/10.2514/6.2022-2248},
   }
   
  @misc{MSES, 
    title={A User’s Guide to MSES 3.05}, 
    url={https://web.mit.edu/drela/Public/web/mses/mses.pdf}, 
    journal={Massachusetts Institute of Technology}, 
    publisher={Massachusetts Institute of Technology}, 
    author={Drela, Mark}, 
    year={2017}, 
    month={Jul}
 } 
   
  @misc{refine, 
    title={{NASA} refine}, 
    url={https://github.com/nasa/refine}, 
    author={Park, Micheal}, 
 } 
   
  @misc{TACS,
    title={Toolkit for the Analysis of Composite Structures ({TACS})}, 
    url={https://github.com/smdogroup/tacs}, 
 } 
